@book{oxforddict,
    title={Oxford Advanced Learner's Dictionary, 8th Edition: Paperback},
    author={Turnbull, J. and Lea, D. and Parkinson, D. and Phillips, P. and Francis, B. and Webb, S. and Bull, V. and Ashby, M.},
    isbn={9780194799003},
    series={Oxford Advanced Learner's Dictionary, 8th Edition},
    url={https://books.google.co.th/books?id=t90oQgAACAAJ},
    year={2010},
    publisher={OUP Oxford}
}

@online{wikipedia-summation,
	author = {{Wikipedia contributors}},
	date = {2024-02-04},
	title = {Summation: Powers and logarithm of arithmetic progressions},
	url = {https://en.wikipedia.org/wiki/Summation#Powers_and_logarithm_of_arithmetic_progressions},
}

@online{feynman-1965,
	author = {given=Richard, prefix=Phillips, family=Feynman},
	date = {1965},
	title = {Elasticity},
	url = {https://www.feynmanlectures.caltech.edu/II_38.html#Ch38-S1},
	urldate = {2024-05-20},
}